@misc{Apache2020ApacheCxf-xjc-plugin,
    title = {{Apache CXF -- cxf-xjc-plugin}},
    year = {2020},
    author = {Apache, Foundation},
    url = {http://cxf.apache.org/cxf-xjc-plugin.html}
}

@techreport{CostaRica2020ESPECIFICACIONESCAMBIOS,
    title = {{ESPECIFICACIONES T{\'{E}}CNICAS Y FORMATO DE LOS DOCUMENTOS ELECTR{\'{O}}NICOS BIT{\'{A}}CORA DE CAMBIOS}},
    year = {2020},
    author = {Costa Rica, Ministerio de Hacienda},
    institution = {Ministerio de Hacienda},
    address = {San Jos{\'{e}}}
}

@misc{RepublicadeCostaRica2020GeneralidadesIVA,
    title = {{Generalidades del Impuesto sobre el Valor Agregado (IVA)}},
    year = {2020},
    author = {Rep{\'{u}}blica de Costa Rica, Ministerio de Hacienda},
    url = {https://www.hacienda.go.cr/contenido/15035-generalidades-del-impuesto-sobre-el-valor-agregado-iva}
}

@misc{RepublicadeCostaRica2020GeneralidadesIVAb,
    title = {{Generalidades del R{\'{e}}gimen especial agropecuario (REA del Impuesto sobre el Valor Agregado (IVA)}},
    year = {2020},
    author = {Rep{\'{u}}blica de Costa Rica, Ministerio de Hacienda},
    url = {https://www.hacienda.go.cr/contenido/15455-generalidades-del-regimen-especial-agropecuario-rea-del-impuesto-sobre-el-valor-agregado-iva}
}

@misc{MinisteriodeHacienda2018HACIENDAELECTRONICA,
    title = {{HACIENDA PONE A DISPOSICI{\'{O}}N SOFTWARE GRATUITO PARA ELABORACI{\'{O}}N DE FACTURA ELECTR{\'{O}}NICA}},
    year = {2018},
    author = {Ministerio de Hacienda, República de Costa Rica},
    month = {1},
    url = {https://www.hacienda.go.cr/noticias/14348-hacienda-pone-a-disposicion-software-gratuito-para-elaboracion-de-factura-electronica}
}

@book{Freeman2004HeadPatterns,
    title = {{Head First Design Patterns}},
    year = {2004},
    author = {Freeman, Eric and Robson, Elisabeth and Bates, Bert and Kathy, Sierra},
    month = {10},
    publisher = {O Really},
    url = {https://www.oreilly.com/library/view/head-first-design/0596007124/},
    isbn = {9780596007126}
}

@article{Suschkewitsch1929OnLaw,
    title = {{On a generalization of the associative law}},
    year = {1929},
    journal = {Transactions of the American Mathematical Society},
    author = {Suschkewitsch, Anton},
    number = {1},
    month = {1},
    pages = {204--204},
    volume = {31},
    publisher = {American Mathematical Society (AMS)},
    doi = {10.1090/s0002-9947-1929-1501476-0},
    issn = {0002-9947}
}

@misc{MinisteriodeHacienda2020PortalEstructuras,
    title = {{Portal Contribuyente - Anexos y Estructuras}},
    year = {2020},
    author = {Ministerio de Hacienda, República de Costa Rica},
    url = {https://www.hacienda.go.cr/ATV/ComprobanteElectronico/frmAnexosyEstructuras.aspx}
}

@misc{Alvarado2019ReglamentoTributarios,
    title = {{Reglamento de comprobantes electr{\'{o}}nicos para efectos tributarios}},
    year = {2019},
    booktitle = {No. 41820-H},
    author = {Alvarado, Carlos and Aguilar, Rocio},
    month = {7},
    url = {http://www.pgrweb.go.cr/scij/Busqueda/Normativa/Normas/nrm_texto_completo.aspx?param1=NRTC&nValor1=1&nValor2=89078&nValor3=116732&strTipM=TC}
}

@article{Hausmann1937TheoryQuasi-Groups,
    title = {{Theory of Quasi-Groups}},
    year = {1937},
    journal = {American Journal of Mathematics},
    author = {Hausmann, B. A. and Ore, Oystein},
    number = {4},
    month = {10},
    pages = {983},
    volume = {59},
    publisher = {JSTOR},
    doi = {10.2307/2371362},
    issn = {00029327}
}